@book{AchimKlenke,
    author = {Achim Klenke} ,
    title = {Wahrscheinlichkeitstheorie},
    publisher = {Springer, 3. edition}, 
    year ={2013}
}

\url{https://www.uni-frankfurt.de/53501515/latex_tutorium_2_math.pdf}